@misc{buren07,
      author = "Garrick Van Buren",
      title = "Passing Sessions And Referers in Rails Functional Tests",
      month = "October",
      year = "2007",
      howpublished = {\url{http://garrickvanburen.com/archive/passing-sessions-and-referers-in-rails-functional-tests/}},
      url = "http://garrickvanburen.com/archive/passing-sessions-and-referers-in-rails-functional-tests/"
}
